@booklet{Knuth89,
  author       = {Knuth, Donald E. and Larrabee, Tracy C.
  and Roberts, Paul M.},
  title        = {Mathematical Writing},
  keywords     = {proof,latex}
}

@mvbook{MathGirls,
  author       = {Yuki, Hiroshi},
  title        = {Math Girls},
  year         = {2007}
}

@book{PMA,
  author         = {Rudin, Walter},
  editor         = {},
  publisher      = {McGraw-Hill Education},
  title          = {Principles of Mathematical Analysis},
  year           = {1976}
}